%%%%%%%%%%%%%%%%%%%%%%%%%%%%%%%%%%%%%%%%%%%%%%%%%%%%%%%%%%%%%%%%%%%%%%%%%%%%%%%%
%                    Readings for Tuesday 24 January 2017                      %
%%%%%%%%%%%%%%%%%%%%%%%%%%%%%%%%%%%%%%%%%%%%%%%%%%%%%%%%%%%%%%%%%%%%%%%%%%%%%%%%

% You will add new bibliography entries here for next Tuesday's readings


%%%%%%%%%%%%%%%%%%%%%%%%%%%%%%%%%%%%%%%%%%%%%%%%%%%%%%%%%%%%%%%%%%%%%%%%%%%%%%%%
%                    Readings for Thursday 19 January 2017                     %
%%%%%%%%%%%%%%%%%%%%%%%%%%%%%%%%%%%%%%%%%%%%%%%%%%%%%%%%%%%%%%%%%%%%%%%%%%%%%%%%


@techreport{toya2021cross,
  title={{A Cross-Country Analysis of the Determinants of Covid-19 Fatalities}},
  author={Toya, Hideki and Skidmore, Mark},
  year={2021},
  publisher={CESifo Working Paper},
  journal = {CESifo WORKING PAPERS},
  doi = {},
  volume = {9028},
  year = {2021},
  pages = {1--14}
}

@article{CATO202051,
title = {{Social distancing as a public good under the COVID-19 pandemic}},
journal = {Public Health},
volume = {188},
pages = {51--53},
year = {2020},
issn = {0033-3506},
doi = {https://doi.org/10.1016/j.puhe.2020.08.005},
url = {https://www.sciencedirect.com/science/article/pii/S0033350620303607},
author = {S. Cato and T. Iida and K. Ishida and A. Ito and K.M. McElwain and M. Shoji},
keywords = {Social distancing, Public good, Collective action problem, Altruism, Public shaming}
}

@techreport{tsubasa2021modeling,
  title={{Modeling and simulation on the COVID-19 infection: preliminary result}},
  author={Tsubasa, Shibata and Hiroyuki, Kosaka},
  year={2021},
  institution={Institute of Developing Economies, Japan External Trade Organization (JETRO)},
  doi={http://doi.org/10.20561/00052055},
  volume={816},
  journal={IDE Discussion Paper},
  pages={1--42}
}

@misc{unaids,
url={https://www.unaids.org/en/covid19},
title={WHAT PEOPLE LIVING WITH HIV NEED TO KNOW ABOUT HIV AND COVID-19},
author ={UNAIDS},
year={2020},
howpublished = {\url{https://www.unaids.org/en/covid19}}
}

@misc{unaids_report,
url={https://www.unaids.org/sites/default/files/media_asset/HIV_COVID-19_brochure_en.pdf},
title={COVID-19 AND HIV},
author ={UNAIDS},
year={2020},
howpublished = {\url{https://www.unaids.org/sites/default/files/media_asset/HIV_COVID-19_brochure_en.pdf}}
}

@misc{databank,
url={https://databank.worldbank.org/home},
title={DataBank},
author={World Bank Group},
year={2021},
howpublished = {\url{https://databank.worldbank.org/home}}
}

@misc{ourworldindata,
url={https://ourworldindata.org/coronavirus},
title={Statistics and Research Coronavirus Pandemic (COVID-19)},
author={Our World In Data},
year={2021},
howpublished = {\url{https://ourworldindata.org/coronavirus}}
}

@misc{jamovi,
url={https://www.jamovi.org/},
title={Jamovi},
author={Jamovi},
year={2021},
howpublished = {\url{https://www.jamovi.org/}}
}







% Use the misc entry type for items like newspaper or magazine stories
@misc{lewiskrauss2015,
    author  = {Lewis-Krauss, Gideon},
    title   = {Is Translation an Art or a Math Problem?},
    year    = {2015},
    month   = {June},
    howpublished = {The New York Times Magazine},
    url     = {https://www.nytimes.com/2015/06/07/magazine/is-translation-an-art-or-a-math-problem.html}
}

@misc{greene2017,
    author  = {Greene, Lane},
    title   = {Language: Finding a Voice},
    year    = {2017},
    howpublished = {The Economist},
    url     = {http://www.economist.com/technology-quarterly/2017-05-01/language}
}

@misc{leschuster2016,
    author  = {Le, Quoc and Schuster, Mike},
    title   = {A Neural Network for Machine Translation, at Production Scale},
    year    = {2016},
    month   = {September},
    howpublished = {Google Research Blog},
    url     = {https://research.googleblog.com/2016/09/a-neural-network-for-machine.html}
}

@misc{schusteretal2016,
    author  = {Schuster, Mike and Johnson, Melvin and Thorat, Nikhil},
    title   = {Zero-Shot Translation with Googleâ€™s Multilingual Neural Machine Translation System},
    year    = {2016},
    month   = {November},
    howpublished = {Google Research Blog},
    url     = {https://research.googleblog.com/2016/11/zero-shot-translation-with-googles.html}
}

